<record xmlns="http://www.loc.gov/MARC21/slim" xmlns:xsi="http://www.w3.org/2001/XMLSchema-instance" xsi:schemaLocation="http://www.loc.gov/MARC21/slim http://www.loc.gov/standards/marcxml/schema/MARC21slim.xsd"><leader>02403nam a2200517   4500</leader><controlfield tag="001">002959061</controlfield><controlfield tag="003">NNU</controlfield><controlfield tag="006">m        d        </controlfield><controlfield tag="007">cr cn |||m|||a</controlfield><controlfield tag="008">150116s1961    ir h    o     001 0 perod</controlfield><datafield ind1=" " ind2=" " tag="040"><subfield code="a">NNU</subfield><subfield code="b">eng</subfield><subfield code="e">rda</subfield><subfield code="c">NNU</subfield></datafield><datafield ind1=" " ind2="4" tag="050"><subfield code="a">PJ6121</subfield><subfield code="b">.K58 1961</subfield></datafield><datafield ind1=" " ind2="4" tag="050"><subfield code="a">PJ7519.H38</subfield><subfield code="b">K59</subfield></datafield><datafield ind1="1" ind2=" " tag="100"><subfield code="6">880-01</subfield><subfield code="a">Kiya&#772;, S&#803;a&#772;diq.</subfield></datafield><datafield ind1="1" ind2="0" tag="245"><subfield code="6">880-02</subfield><subfield code="a">Qalb dar zaba&#772;n-i &#699;Arabi&#772; /</subfield><subfield code="c">az S&#803;a&#772;diq Kiya&#772;.</subfield></datafield><datafield ind1="1" ind2="5" tag="246"><subfield code="a">Metathesis in the Arabic language</subfield></datafield><datafield ind1=" " ind2="1" tag="264"><subfield code="6">880-03</subfield><subfield code="a">T&#803;ihra&#772;n :</subfield><subfield code="b">Da&#772;nishga&#772;h-i Tihra&#772;n,</subfield><subfield code="c">1340 [1961]</subfield></datafield><datafield ind1=" " ind2=" " tag="300"><subfield code="a">online resource (24, 415 pages) :</subfield><subfield code="b">facsimiles</subfield></datafield><datafield ind1=" " ind2=" " tag="336"><subfield code="a">text</subfield><subfield code="2">rdacontent</subfield></datafield><datafield ind1=" " ind2=" " tag="337"><subfield code="a">computer</subfield><subfield code="2">rdamedia</subfield></datafield><datafield ind1=" " ind2=" " tag="338"><subfield code="a">online resource</subfield><subfield code="2">rdacarrier</subfield></datafield><datafield ind1="1" ind2=" " tag="490"><subfield code="6">880-04</subfield><subfield code="a">Intisha&#772;ra&#772;t-i Da&#772;nishga&#772;h-i Tihra&#772;n ;</subfield><subfield code="v">671</subfield></datafield><datafield ind1=" " ind2=" " tag="500"><subfield code="a">Includes indexes.</subfield></datafield><datafield ind1=" " ind2=" " tag="500"><subfield code="a">Part of the Arabic Collections Online (ACO) project, contributed by New York Univeristy Libraries.</subfield></datafield><datafield ind1=" " ind2=" " tag="533"><subfield code="a">Electronic reproduction.</subfield><subfield code="b">New York, N.Y. :</subfield><subfield code="c">New York University,</subfield><subfield code="d">2015.</subfield><subfield code="5">NNU</subfield></datafield><datafield ind1=" " ind2="0" tag="650"><subfield code="a">Heart in literature.</subfield></datafield><datafield ind1=" " ind2="0" tag="650"><subfield code="a">Arabic literature</subfield><subfield code="x">History and criticism.</subfield></datafield><datafield ind1=" " ind2="0" tag="650"><subfield code="a">Arabic language</subfield><subfield code="x">Etymology.</subfield></datafield><datafield ind1=" " ind2="7" tag="650"><subfield code="a">Arabic language</subfield><subfield code="x">Etymology.</subfield><subfield code="2">fast</subfield><subfield code="0">(OCoLC)fst00812326</subfield></datafield><datafield ind1=" " ind2="7" tag="650"><subfield code="a">Arabic literature.</subfield><subfield code="2">fast</subfield><subfield code="0">(OCoLC)fst00812478</subfield></datafield><datafield ind1=" " ind2="7" tag="650"><subfield code="a">Heart.</subfield><subfield code="2">fast</subfield><subfield code="0">(OCoLC)fst00953493</subfield></datafield><datafield ind1=" " ind2="7" tag="650"><subfield code="a">Literature.</subfield><subfield code="2">fast</subfield><subfield code="0">(OCoLC)fst00999953</subfield></datafield><datafield ind1=" " ind2="7" tag="655"><subfield code="a">Criticism, interpretation, etc.</subfield><subfield code="2">fast</subfield><subfield code="0">(OCoLC)fst01411635</subfield></datafield><datafield ind1="2" ind2=" " tag="710"><subfield code="a">New York University.</subfield><subfield code="b">Libraries.</subfield></datafield><datafield ind1="0" ind2=" " tag="730"><subfield code="a">Arabic Collections Online.</subfield></datafield><datafield ind1="0" ind2="8" tag="776"><subfield code="i">Online version:</subfield><subfield code="a">Kiya&#772;, S&#803;a&#772;diq.</subfield><subfield code="t">Qalb dar zaba&#772;n-i &#699;Arabi&#772;.</subfield><subfield code="d">Tihra&#772;n : Da&#772;nishga&#772;h-i Tihra&#772;n, 1340 [1961]</subfield><subfield code="w">(OCoLC)645716864</subfield></datafield><datafield ind1="0" ind2="8" tag="776"><subfield code="i">Print version:</subfield><subfield code="a">Kiya&#772;, S&#803;a&#772;diq.</subfield><subfield code="t">Qalb dar zaba&#772;n-i &#699;Arabi&#772;</subfield><subfield code="w">(NNU)002959061</subfield></datafield><datafield ind1="4" ind2="0" tag="856"><subfield code="u">http://hdl.handle.net/2333.1/f4qrfm2c</subfield></datafield><datafield ind1="1" ind2=" " tag="880"><subfield code="6">100-01/</subfield><subfield code="a">&#8207;&#1603;&#1610;&#1575;&#1548; &#1589;&#1575;&#1583;&#1602;.</subfield></datafield><datafield ind1="1" ind2="0" tag="880"><subfield code="6">245-02/</subfield><subfield code="a">&#8207;&#1602;&#1604;&#1576; &#1583;&#1585; &#1586;&#1576;&#1575;&#1606; &#1593;&#1585;&#1576;&#1610; /&#8207;</subfield><subfield code="c">&#8207;&#1575;&#1586; &#1589;&#1575;&#1583;&#1602; &#1603;&#1610;&#1575;.</subfield></datafield><datafield ind1=" " ind2="1" tag="880"><subfield code="6">264-03/</subfield><subfield code="a">&#1591;&#1607;&#1585;&#1575;&#1606; :</subfield><subfield code="b">&#1583;&#1575;&#1606;&#1588;&#1711;&#1575;&#1607; &#1578;&#1607;&#1585;&#1575;&#1606;&#1548;</subfield><subfield code="c">1340 [1961]</subfield></datafield><datafield ind1="0" ind2=" " tag="880"><subfield code="6">490-04/</subfield><subfield code="a">&#8207;&#1575;&#1606;&#1578;&#1588;&#1575;&#1585;&#1575;&#1578; &#1583;&#1575;&#1606;&#1588;&#1711;&#1575;&#1607; &#1578;&#1607;&#1585;&#1575;&#1606;&#1563;&#8207;</subfield><subfield code="v">&#8207;671</subfield></datafield><datafield ind1=" " ind2="0" tag="830"><subfield code="6">880-05</subfield><subfield code="a">Publications de l'Universit&#233; de Tehran</subfield><subfield code="v">671.</subfield></datafield><datafield ind1=" " ind2="0" tag="880"><subfield code="6">830-05/</subfield><subfield code="a">&#1575;&#1606;&#1578;&#1588;&#1575;&#1585;&#1575;&#1578; &#1583;&#1575;&#1606;&#1588;&#1711;&#1575;&#1607; &#1578;&#1607;&#1585;&#1575;&#1606; &#1563;</subfield><subfield code="v">671.</subfield></datafield><datafield ind1=" " ind2=" " tag="959"><subfield code="a">NNU</subfield><subfield code="b">WEB</subfield><subfield code="c">GENI</subfield><subfield code="t">0</subfield><subfield code="m">Electronic access</subfield><subfield code="s">01</subfield></datafield><datafield ind1=" " ind2=" " tag="999"><subfield code="i">NNU_002959061</subfield><subfield code="o" /><subfield code="e">(ERROR-880)</subfield></datafield></record>